@article{zdrift1,
   title={Machine Learning Cosmic Backreaction and Its Effects on Observations},
   volume={130},
   ISSN={1079-7114},
   url={http://dx.doi.org/10.1103/PhysRevLett.130.201003},
   DOI={10.1103/physrevlett.130.201003},
   number={20},
   journal={Physical Review Letters},
   publisher={American Physical Society (APS)},
   author={Koksbang, S. M.},
   year={2023},
   month=may
}

@article{semantic,
  title={Linear scaling with and within semantic backpropagation-based genetic programming for symbolic regression},
  author={M. Virgolin and Tanja Alderliesten and Peter A. N. Bosman},
  journal={Proceedings of the Genetic and Evolutionary Computation Conference},
  pages = {1084-1092},
  year={2019},
  url={https://api.semanticscholar.org/CorpusID:195795573}
}

@inproceedings{language,
   title={Priors for symbolic regression},
   url={http://dx.doi.org/10.1145/3583133.3596327},
   DOI={10.1145/3583133.3596327},
   booktitle={Proceedings of the Companion Conference on Genetic and Evolutionary Computation},
   publisher={ACM},
   author={Bartlett, Deaglan and Desmond, Harry and Ferreira, Pedro},
   year={2023},
   month=jul, collection={GECCO ’23 Companion} 
}

@article{Feynman1,
   author = {Silviu-Marian Udrescu  and Max Tegmark },
   title = {AI Feynman: A physics-inspired method for symbolic regression},
   journal = {Science Advances},
   volume = {6},
   number = {16},
   pages = {eaay2631},
   year = {2020},
   doi = {10.1126/sciadv.aay2631},
   URL = {https://www.science.org/doi/abs/10.1126/sciadv.aay2631},
   eprint = {https://www.science.org/doi/pdf/10.1126/sciadv.aay2631}
}

@misc{Feynman2,
      title={AI Feynman 2.0: Pareto-optimal symbolic regression exploiting graph modularity}, 
      author={Silviu-Marian Udrescu and Andrew Tan and Jiahai Feng and Orisvaldo Neto and Tailin Wu and Max Tegmark},
      year={2020},
      eprint={2006.10782},
      archivePrefix={arXiv},
      primaryClass={cs.LG}
}

@misc{review,
      title={Interpretable Scientific Discovery with Symbolic Regression: A Review}, 
      author={Nour Makke and Sanjay Chawla},
      year={2023},
      eprint={2211.10873},
      archivePrefix={arXiv},
      primaryClass={cs.LG}
}

@misc{benchmark,
      title={Contemporary Symbolic Regression Methods and their Relative Performance}, 
      author={William La Cava and Patryk Orzechowski and Bogdan Burlacu and Fabrício Olivetti de França and Marco Virgolin and Ying Jin and Michael Kommenda and Jason H. Moore},
      year={2021},
      eprint={2107.14351},
      archivePrefix={arXiv},
      primaryClass={cs.NE}
}

@misc{orbital,
      title={Rediscovering orbital mechanics with machine learning}, 
      author={Pablo Lemos and Niall Jeffrey and Miles Cranmer and Shirley Ho and Peter Battaglia},
      year={2022},
      eprint={2202.02306},
      archivePrefix={arXiv},
      primaryClass={astro-ph.EP}
}

@article{Hubble,
   title={Exhaustive Symbolic Regression},
   ISSN={1941-0026},
   url={http://dx.doi.org/10.1109/TEVC.2023.3280250},
   DOI={10.1109/tevc.2023.3280250},
   journal={IEEE Transactions on Evolutionary Computation},
   publisher={Institute of Electrical and Electronics Engineers (IEEE)},
   author={Bartlett, Deaglan J. and Desmond, Harry and Ferreira, Pedro G.},
   year={2023},
   pages={1–1} 
}

@article{sparc,
   title={On the functional form of the radial acceleration relation},
   volume={521},
   ISSN={1365-2966},
   url={http://dx.doi.org/10.1093/mnras/stad597},
   DOI={10.1093/mnras/stad597},
   number={2},
   journal={Monthly Notices of the Royal Astronomical Society},
   publisher={Oxford University Press (OUP)},
   author={Desmond, Harry and Bartlett, Deaglan J and Ferreira, Pedro G},
   year={2023},
   month=feb, pages={1817–1831} 
}

@misc{inflation,
      title={The Simplest Inflationary Potentials}, 
      author={Tomás Sousa and Deaglan J. Bartlett and Harry Desmond and Pedro G. Ferreira},
      year={2023},
      eprint={2310.16786},
      archivePrefix={arXiv},
      primaryClass={astro-ph.CO}
}

@misc{halo1,
      title={Modeling the galaxy-halo connection with machine learning}, 
      author={Ana Maria Delgado and Digvijay Wadekar and Boryana Hadzhiyska and Sownak Bose and Lars Hernquist and Shirley Ho},
      year={2022},
      eprint={2111.02422},
      archivePrefix={arXiv},
      primaryClass={astro-ph.CO}
}

@article{halo2,
   title={The SZ flux-mass (Y–M) relation at low-halo masses: improvements with symbolic regression and strong constraints on baryonic feedback},
   volume={522},
   ISSN={1365-2966},
   url={http://dx.doi.org/10.1093/mnras/stad1128},
   DOI={10.1093/mnras/stad1128},
   number={2},
   journal={Monthly Notices of the Royal Astronomical Society},
   publisher={Oxford University Press (OUP)},
   author={Wadekar, Digvijay and Thiele, Leander and Hill, J Colin and Pandey, Shivam and Villaescusa-Navarro, Francisco and Spergel, David N and Cranmer, Miles and Nagai, Daisuke and Anglés-Alcázar, Daniel and Ho, Shirley and Hernquist, Lars},
   year={2023},
   month=apr, pages={2628–2643} 
}

@article{zdrift2,
   title={Cosmic backreaction and the mean redshift drift from symbolic regression},
   volume={107},
   ISSN={2470-0029},
   url={http://dx.doi.org/10.1103/PhysRevD.107.103522},
   DOI={10.1103/physrevd.107.103522},
   number={10},
   journal={Physical Review D},
   publisher={American Physical Society (APS)},
   author={Koksbang, S. M.},
   year={2023},
   month=may 
}

@misc{ps,
      title={A precise symbolic emulator of the linear matter power spectrum}, 
      author={Deaglan J. Bartlett and Lukas Kammerer and Gabriel Kronberger and Harry Desmond and Pedro G. Ferreira and Benjamin D. Wandelt and Bogdan Burlacu and David Alonso and Matteo Zennaro},
      year={2023},
      eprint={2311.15865},
      archivePrefix={arXiv},
      primaryClass={astro-ph.CO}
}

@article{operon,
  title={Operon C++: an efficient genetic programming framework for symbolic regression},
  author={Bogdan Burlacu and Gabriel Kronberger and Michael Kommenda},
  journal={Proceedings of the 2020 Genetic and Evolutionary Computation Conference Companion},
  year={2020},
  url={https://api.semanticscholar.org/CorpusID:220409306}
}

@inproceedings{competition,
  author = {Burlacu, Bogdan},
  title = {GECCO'2022 Symbolic Regression Competition: Post-Analysis of the Operon Framework},
  year = {2023},
  isbn = {9798400701207},
  publisher = {Association for Computing Machinery},
  address = {New York, NY, USA},
  url = {https://doi.org/10.1145/3583133.3596390},
  doi = {10.1145/3583133.3596390},
  booktitle = {Proceedings of the Companion Conference on Genetic and Evolutionary Computation},
  pages = {2412–2419},
  numpages = {8},
  keywords = {overfitting, model selection, minimum description length, bayesian information criterion, symbolic regression, interpretability},
  location = {Lisbon, Portugal},
  series = {GECCO '23 Companion}
}

@misc{PMLB1,
      title={PMLB v1.0: An open source dataset collection for benchmarking machine learning methods}, 
      author={Joseph D. Romano and Trang T. Le and William La Cava and John T. Gregg and Daniel J. Goldberg and Natasha L. Ray and Praneel Chakraborty and Daniel Himmelstein and Weixuan Fu and Jason H. Moore},
      year={2021},
      eprint={2012.00058},
      archivePrefix={arXiv},
      primaryClass={cs.LG}
}

@misc{PMLB2,
      title={PMLB: A Large Benchmark Suite for Machine Learning Evaluation and Comparison}, 
      author={Randal S. Olson and William La Cava and Patryk Orzechowski and Ryan J. Urbanowicz and Jason H. Moore},
      year={2017},
      eprint={1703.00512},
      archivePrefix={arXiv},
      primaryClass={cs.LG}
}

@book{FeynmanLectures,
      author        = "Feynman, Richard Phillips and Leighton, Robert Benjamin and Sands, Matthew",
      title         = "{The Feynman lectures on physics; New millennium ed.}",
      publisher     = "Basic Books",
      address       = "New York, NY",
      year          = "2010",
      url           = "https://cds.cern.ch/record/1494701",
      note          = "Originally published 1963-1965",
}

@article{Sandage,
  title={The Change of Redshift and Apparent Luminosity of Galaxies due to the Deceleration of Selected Expanding Universes.},
  author={Allan R. Sandage},
  journal={The Astrophysical Journal},
  year={1962},
  volume={136},
  pages={319},
  url={https://api.semanticscholar.org/CorpusID:119959450}
}

@article{Mcvittie,
  title={Appendix to The Change of Redshift and Apparent Luminosity of Galaxies due to the Deceleration of Selected Expanding Universes.},
  author={G. C. Mcvittie},
  journal={The Astrophysical Journal},
  year={1962},
  volume={136},
  pages={334},
  url={https://api.semanticscholar.org/CorpusID:118736788}
}

@misc{SKA,
      title={Real time cosmology - A direct measure of the expansion rate of the Universe}, 
      author={H. -R. Klöckner and D. Obreschkow and C. Martins and A. Raccanelli and D. Champion and A. Roy and A. Lobanov and J. Wagner and R. Keller},
      year={2015},
      eprint={1501.03822},
      archivePrefix={arXiv},
      primaryClass={astro-ph.CO}
}

@misc{BIMT,
      title={Seeing is Believing: Brain-Inspired Modular Training for Mechanistic Interpretability}, 
      author={Ziming Liu and Eric Gan and Max Tegmark},
      year={2023},
      eprint={2305.08746},
      archivePrefix={arXiv},
      primaryClass={cs.NE}
}

@article{smokinggun1,
   title={Another look at redshift drift and the backreaction conjecture},
   volume={2019},
   ISSN={1475-7516},
   url={http://dx.doi.org/10.1088/1475-7516/2019/10/036},
   DOI={10.1088/1475-7516/2019/10/036},
   number={10},
   journal={Journal of Cosmology and Astroparticle Physics},
   publisher={IOP Publishing},
   author={Koksbang, S. M.},
   year={2019},
   month=oct, pages={036–036} 
}

@misc{smokinggun2,
      title={Observations in statistically homogeneous, locally inhomogeneous cosmological toy-models without FLRW backgrounds}, 
      author={Koksbang, S. M.},
      year={2020},
      eprint={2008.07108},
      archivePrefix={arXiv},
      primaryClass={astro-ph.CO}
}

@article{smokinggun3,
   title={Redshift drift as a model independent probe of dark energy},
   volume={103},
   ISSN={2470-0029},
   url={http://dx.doi.org/10.1103/PhysRevD.103.L081302},
   DOI={10.1103/physrevd.103.l081302},
   number={8},
   journal={Physical Review D},
   publisher={American Physical Society (APS)},
   author={Heinesen, Asta},
   year={2021},
   month=apr 
}

@article{smokinggun4,
   title={Searching for Signals of Inhomogeneity Using Multiple Probes of the Cosmic Expansion Rate {H(z)}},
   volume={126},
   ISSN={1079-7114},
   url={http://dx.doi.org/10.1103/PhysRevLett.126.231101},
   DOI={10.1103/physrevlett.126.231101},
   number={23},
   journal={Physical Review Letters},
   publisher={American Physical Society (APS)},
   author={Koksbang, S. M.},
   year={2021},
   month=jun 
}

@article{2region1,
   title={COSMOLOGICAL ACCELERATION FROM STRUCTURE FORMATION},
   volume={15},
   ISSN={1793-6594},
   url={http://dx.doi.org/10.1142/S0218271806009728},
   DOI={10.1142/s0218271806009728},
   number={12},
   journal={International Journal of Modern Physics D},
   publisher={World Scientific Pub Co Pte Lt},
   author={RÄSÄNEN, SYKSY},
   year={2006},
   month=dec, pages={2141–2146} 
}

@article{2region2,
   title={Accelerated expansion from structure formation},
   volume={2006},
   ISSN={1475-7516},
   url={http://dx.doi.org/10.1088/1475-7516/2006/11/003},
   DOI={10.1088/1475-7516/2006/11/003},
   number={11},
   journal={Journal of Cosmology and Astroparticle Physics},
   publisher={IOP Publishing},
   author={Räsänen, Syksy},
   year={2006},
   month=nov, pages={003–003}
}

@misc{gplearn,
  title = {gplearn},
  author={Stephens, Trevor},
  howpublished = {\url{https://gplearn.readthedocs.io/en/stable/}},
  note = {Accessed: 2023-12-01}
}

@article{halo_profile,
	title={Dark matter halo mass functions and density profiles from mass and energy cascade},
	volume={13},
	ISSN={2045-2322},
	url={http://dx.doi.org/10.1038/s41598-023-42958-6},
	DOI={10.1038/s41598-023-42958-6},
	number={1},
	journal={Scientific Reports},
	publisher={Springer Science and Business Media LLC},
	author={Xu, Zhijie},
	year={2023},
	month=oct }

@article{stellar_profile,
	title={A robust two-parameter description of the stellar profile of elliptical galaxies},
	volume={641},
	ISSN={1432-0746},
	url={http://dx.doi.org/10.1051/0004-6361/202037665},
	DOI={10.1051/0004-6361/202037665},
	journal={Astronomy \& Astrophysics},
	publisher={EDP Sciences},
	author={Sonnenfeld, Alessandro},
	year={2020},
	month=sep, pages={A143} }

@article{DEreview,
	title={Dark Energy and the Accelerating Universe},
	volume={46},
	ISSN={1545-4282},
	url={http://dx.doi.org/10.1146/annurev.astro.46.060407.145243},
	DOI={10.1146/annurev.astro.46.060407.145243},
	number={1},
	journal={Annual Review of Astronomy and Astrophysics},
	publisher={Annual Reviews},
	author={Frieman, Joshua A. and Turner, Michael S. and Huterer, Dragan},
	year={2008},
	month=sep, pages={385–432} }



@misc{conjecture1,
	title={On average properties of inhomogeneous cosmologies}, 
	author={Thomas Buchert},
	year={2000},
	eprint={gr-qc/0001056},
	archivePrefix={arXiv},
	primaryClass={gr-qc}
}

@article{conjecture2,
	title={Can structure formation influence the cosmological evolution?},
	volume={67},
	ISSN={1089-4918},
	url={http://dx.doi.org/10.1103/PhysRevD.67.043513},
	DOI={10.1103/physrevd.67.043513},
	number={4},
	journal={Physical Review D},
	publisher={American Physical Society (APS)},
	author={Wetterich, Christof},
	year={2003},
	month={feb} 
}



@misc{conjecture3,
	title={Accelerated expansion without dark energy}, 
	author={Dominik J. Schwarz},
	year={2002},
	eprint={astro-ph/0209584},
	archivePrefix={arXiv},
	primaryClass={astro-ph}
}



@article{conjecture4,
	title={Dark energy from back-reaction},
	volume={2004},
	ISSN={1475-7516},
	url={http://dx.doi.org/10.1088/1475-7516/2004/02/003},
	DOI={10.1088/1475-7516/2004/02/003},
	number={02},
	journal={Journal of Cosmology and Astroparticle Physics},
	publisher={IOP Publishing},
	author={R s nen, Syksy},
	year={2004},
	month=feb, pages={003–003} }


@article{dust,
	title={On Average Properties of Inhomogeneous Fluids in General Relativity: Dust Cosmologies},
	volume={32},
	ISSN={1572-9532},
	url={http://dx.doi.org/10.1023/A:1001800617177},
	DOI={10.1023/a:1001800617177},
	number={1},
	journal={General Relativity and Gravitation},
	publisher={Springer Science and Business Media LLC},
	author={Buchert, Thomas},
	year={2000},
	month=jan, pages={105–125} }

@article{perfect_fluid,
	title={On Average Properties of Inhomogeneous Fluids in General Relativity: Perfect Fluid Cosmologies},
	volume={33},
	ISSN={1572-9532},
	url={http://dx.doi.org/10.1023/A:1012061725841},
	DOI={10.1023/a:1012061725841},
	number={8},
	journal={General Relativity and Gravitation},
	publisher={Springer Science and Business Media LLC},
	author={Buchert, Thomas},
	year={2001},
	month=aug, pages={1381–1405} }

@article{general,
	title={On average properties of inhomogeneous fluids in general relativity III: general fluid cosmologies},
	volume={52},
	ISSN={1572-9532},
	url={http://dx.doi.org/10.1007/s10714-020-02670-6},
	DOI={10.1007/s10714-020-02670-6},
	number={3},
	journal={General Relativity and Gravitation},
	publisher={Springer Science and Business Media LLC},
	author={Buchert, Thomas and Mourier, Pierre and Roy, Xavier},
	year={2020},
	month=mar }


@article{bc_review1,
	title={Backreaction in Late-Time Cosmology},
	volume={62},
	ISSN={1545-4134},
	url={http://dx.doi.org/10.1146/annurev.nucl.012809.104435},
	DOI={10.1146/annurev.nucl.012809.104435},
	number={1},
	journal={Annual Review of Nuclear and Particle Science},
	publisher={Annual Reviews},
	author={Buchert, Thomas and Räsänen, Syksy},
	year={2012},
	month=nov, pages={57–79} }


@article{bc_review2,
	title={Does the growth of structure affect our dynamical models of the Universe? The averaging, backreaction, and fitting problems in cosmology},
	volume={74},
	ISSN={1361-6633},
	url={http://dx.doi.org/10.1088/0034-4885/74/11/112901},
	DOI={10.1088/0034-4885/74/11/112901},
	number={11},
	journal={Reports on Progress in Physics},
	publisher={IOP Publishing},
	author={Clarkson, Chris and Ellis, George and Larena, Julien and Umeh, Obinna},
	year={2011},
	month=oct, pages={112901} }

@article{bc_review3,
	title={Inhomogeneity effects in cosmology},
	volume={28},
	ISSN={1361-6382},
	url={http://dx.doi.org/10.1088/0264-9381/28/16/164001},
	DOI={10.1088/0264-9381/28/16/164001},
	number={16},
	journal={Classical and Quantum Gravity},
	publisher={IOP Publishing},
	author={Ellis, George F R},
	year={2011},
	month=aug, pages={164001} }

@article{bc_review4,
	title={The universe seen at different scales},
	volume={347},
	ISSN={0375-9601},
	url={http://dx.doi.org/10.1016/j.physleta.2005.06.087},
	DOI={10.1016/j.physleta.2005.06.087},
	number={1–3},
	journal={Physics Letters A},
	publisher={Elsevier BV},
	author={Ellis, George F.R. and Buchert, Thomas},
	year={2005},
	month=nov, pages={38–46} }


@article{light1,
	title={Light propagation in statistically homogeneous and isotropic dust universes},
	volume={2009},
	ISSN={1475-7516},
	url={http://dx.doi.org/10.1088/1475-7516/2009/02/011},
	DOI={10.1088/1475-7516/2009/02/011},
	number={02},
	journal={Journal of Cosmology and Astroparticle Physics},
	publisher={IOP Publishing},
	author={Räsänen, Syksy},
	year={2009},
	month=feb, pages={011–011} }



@article{light2,
	title={Light propagation in statistically homogeneous and isotropic universes with general matter content},
	volume={2010},
	ISSN={1475-7516},
	url={http://dx.doi.org/10.1088/1475-7516/2010/03/018},
	DOI={10.1088/1475-7516/2010/03/018},
	number={03},
	journal={Journal of Cosmology and Astroparticle Physics},
	publisher={IOP Publishing},
	author={Räsänen, Syksy},
	year={2010},
	month=mar, pages={018–018} 
}

@misc{nonlinear_power,
	title={A precise symbolic emulator of the linear matter power spectrum}, 
	author={Deaglan J. Bartlett and Lukas Kammerer and Gabriel Kronberger and Harry Desmond and Pedro G. Ferreira and Benjamin D. Wandelt and Bogdan Burlacu and David Alonso and Matteo Zennaro},
	year={2023},
	eprint={2311.15865},
	archivePrefix={arXiv},
	primaryClass={astro-ph.CO}
}

@misc{physics_motivation,
	title={Deep symbolic regression for physics guided by units constraints: toward the automated discovery of physical laws}, 
	author={Wassim Tenachi and Rodrigo Ibata and Foivos I. Diakogiannis},
	year={2023},
	eprint={2303.03192},
	archivePrefix={arXiv},
	primaryClass={astro-ph.IM}
}
